{
  "leader": "03829cam a2200433Ia 4500",
  "fields": [
    {
      "001": "ocm44110437\\"
    },
    {
      "003": "OCoLC"
    },
    {
      "005": "20220103101934.0"
    },
    {
      "008": "000512s2000\\\\\\\\kyua\\\\\\\\\\b\\\\\\\\001\\0beng\\\\"
    },
    {
      "010": {
        "ind1": "\\",
        "ind2": "\\",
        "subfields": [
          {
            "a": "   00041070 "
          }
        ]
      }
    },
    {
      "040": {
        "ind1": "\\",
        "ind2": "\\",
        "subfields": [
          {
            "a": "DLC"
          },
          {
            "b": "eng"
          },
          {
            "c": "DLC"
          },
          {
            "d": "BAKER"
          },
          {
            "d": "NLGGC"
          },
          {
            "d": "BTCTA"
          },
          {
            "d": "YDXCP"
          },
          {
            "d": "OCLCG"
          },
          {
            "d": "DEBSZ"
          },
          {
            "d": "IG#"
          },
          {
            "d": "BDX"
          },
          {
            "d": "SGB"
          },
          {
            "d": "NA5"
          },
          {
            "d": "OCLCO"
          },
          {
            "d": "OCLCF"
          },
          {
            "d": "OCLCQ"
          },
          {
            "d": "RCT"
          },
          {
            "d": "UWO"
          },
          {
            "d": "OCL"
          }
        ]
      }
    },
    {
      "020": {
        "ind1": "\\",
        "ind2": "\\",
        "subfields": [
          {
            "a": "066450132X"
          },
          {
            "q": "(alk. paper)"
          }
        ]
      }
    },
    {
      "020": {
        "ind1": "\\",
        "ind2": "\\",
        "subfields": [
          {
            "a": "9780664501327"
          },
          {
            "q": "(alk. paper)"
          }
        ]
      }
    },
    {
      "035": {
        "ind1": "\\",
        "ind2": "\\",
        "subfields": [
          {
            "a": "(OCoLC)44110437"
          }
        ]
      }
    },
    {
      "042": {
        "ind1": "\\",
        "ind2": "\\",
        "subfields": [
          {
            "a": "pcc"
          }
        ]
      }
    },
    {
      "043": {
        "ind1": "\\",
        "ind2": "\\",
        "subfields": [
          {
            "a": "n-us---"
          }
        ]
      }
    },
    {
      "050": {
        "ind1": "0",
        "ind2": "0",
        "subfields": [
          {
            "a": "BX9225.S643"
          },
          {
            "b": "P57 2000"
          }
        ]
      }
    },
    {
      "082": {
        "ind1": "0",
        "ind2": "4",
        "subfields": [
          {
            "a": "285.1092"
          },
          {
            "b": "PIP"
          }
        ]
      }
    },
    {
      "100": {
        "ind1": "1",
        "ind2": "\\",
        "subfields": [
          {
            "a": "Piper, John F.,"
          },
          {
            "d": "1936-"
          }
        ]
      }
    },
    {
      "245": {
        "ind1": "1",
        "ind2": "0",
        "subfields": [
          {
            "a": "Robert E. Speer :"
          },
          {
            "b": "prophet of the American church /"
          },
          {
            "c": "John F. Piper, Jr."
          }
        ]
      }
    },
    {
      "250": {
        "ind1": "\\",
        "ind2": "\\",
        "subfields": [
          {
            "a": "1st ed."
          }
        ]
      }
    },
    {
      "260": {
        "ind1": "\\",
        "ind2": "\\",
        "subfields": [
          {
            "a": "Louisville, Ky. :"
          },
          {
            "b": "Geneva Press,"
          },
          {
            "c": "\u00a92000."
          }
        ]
      }
    },
    {
      "300": {
        "ind1": "\\",
        "ind2": "\\",
        "subfields": [
          {
            "a": "xx, 538 pages :"
          },
          {
            "b": "illustrations ;"
          },
          {
            "c": "24 cm"
          }
        ]
      }
    },
    {
      "336": {
        "ind1": "\\",
        "ind2": "\\",
        "subfields": [
          {
            "a": "text"
          },
          {
            "b": "txt"
          },
          {
            "2": "rdacontent"
          }
        ]
      }
    },
    {
      "337": {
        "ind1": "\\",
        "ind2": "\\",
        "subfields": [
          {
            "a": "unmediated"
          },
          {
            "b": "n"
          },
          {
            "2": "rdamedia"
          }
        ]
      }
    },
    {
      "338": {
        "ind1": "\\",
        "ind2": "\\",
        "subfields": [
          {
            "a": "volume"
          },
          {
            "b": "nc"
          },
          {
            "2": "rdacarrier"
          }
        ]
      }
    },
    {
      "504": {
        "ind1": "\\",
        "ind2": "\\",
        "subfields": [
          {
            "a": "Includes bibliographical references (pages 497-517) and index."
          }
        ]
      }
    },
    {
      "505": {
        "ind1": "0",
        "ind2": "0",
        "subfields": [
          {
            "t": "Roots : \"Blest be the tie that binds\" --"
          },
          {
            "t": "Call to ministry : \"To Thee I consecrate my life\" --"
          },
          {
            "t": "Christian faith : \"Remember Jesus christ\" --"
          },
          {
            "t": "Family life : \"Friendship love\" --"
          },
          {
            "t": "Sudent volunteer : \"The evangelization of the World in this generation\" --"
          },
          {
            "t": "Secretary of Presbyterian Foreign Missions : \"Ten thousand times ten thousand\" --"
          },
          {
            "t": "Advocate for ecumenical missions : \"Go therefore and make disciples of all nations\" --"
          },
          {
            "t": "History and theory of missions : \"O Zion, haste\" --"
          },
          {
            "t": "Prophet of Christian unity : \"Looking through the war clouds\" --"
          },
          {
            "t": "President of the federal council : \"That they may all be one\" --"
          },
          {
            "t": "Social gospel witness : \"Of one blood\" --"
          },
          {
            "t": "Moderator of the Presbyterian church : \"He who would vailant be\" --"
          },
          {
            "t": "Defender of Christian missions : \"The finality of Jesus Christ\" --"
          },
          {
            "t": "New ministries : \"We who are children of time.\""
          }
        ]
      }
    },
    {
      "520": {
        "ind1": "1",
        "ind2": "\\",
        "subfields": [
          {
            "a": "\"Robert E. Speer, ecumenist, missionary spokesman, loyal Presbyterian, and devoted family man, was one of the most remarkable personalities in the history of American Christianity. Although his name is not well known today, in the early twentieth century he was viewed as the outstanding missionary statesman of his era and one of our leading American churchmen.\" \"In this biography, Piper tells of Speer's work with the Student Volunteer Movement, his high-profile role as secretary of the Presbyterian Board of Foreign Missions, his service as moderator during the fundamentalist-modernist controversy in his church, and his tireless work in the often controversial fields of missions and ecumenical relations. In his later years Speer turned his attention to issues of ministry in wartime, the problems of racism, and the role of women in the church.\" \"This biography is the first serious effort to tell Speer's story. It not only lifts up his life and ministry but goes beyond that to tell the story of Presbyterianism, foreign missions, in the first half of the twentieth century. Though Speer's contributions do not complete this story, they do enhance it. With his involvement in Presbyterianism, foreign missions, ecumenism, the church's response to war and racism, and his advocacy for leadership roles for women in the church, Robert Speer established himself as a prophet of the American church.\"--BOOK JACKET."
          }
        ]
      }
    },
    {
      "600": {
        "ind1": "1",
        "ind2": "0",
        "subfields": [
          {
            "a": "Speer, Robert E."
          },
          {
            "q": "(Robert Elliott),"
          },
          {
            "d": "1867-1947."
          }
        ]
      }
    },
    {
      "600": {
        "ind1": "1",
        "ind2": "7",
        "subfields": [
          {
            "a": "Speer, Robert E."
          },
          {
            "q": "(Robert Elliott),"
          },
          {
            "d": "1867-1947."
          },
          {
            "2": "fast"
          },
          {
            "0": "(OCoLC)fst00242158"
          }
        ]
      }
    },
    {
      "650": {
        "ind1": "\\",
        "ind2": "0",
        "subfields": [
          {
            "a": "Presbyterians"
          },
          {
            "z": "United States"
          },
          {
            "v": "Biography."
          }
        ]
      }
    },
    {
      "650": {
        "ind1": "\\",
        "ind2": "7",
        "subfields": [
          {
            "a": "Presbyterians."
          },
          {
            "2": "fast"
          },
          {
            "0": "(OCoLC)fst01075567"
          }
        ]
      }
    },
    {
      "651": {
        "ind1": "\\",
        "ind2": "7",
        "subfields": [
          {
            "a": "United States."
          },
          {
            "2": "fast"
          },
          {
            "0": "(OCoLC)fst01204155"
          }
        ]
      }
    },
    {
      "655": {
        "ind1": "\\",
        "ind2": "7",
        "subfields": [
          {
            "a": "Biographies."
          },
          {
            "2": "fast"
          },
          {
            "0": "(OCoLC)fst01919896"
          }
        ]
      }
    },
    {
      "655": {
        "ind1": "\\",
        "ind2": "7",
        "subfields": [
          {
            "a": "Christian biography."
          },
          {
            "2": "lcgft"
          }
        ]
      }
    },
    {
      "994": {
        "ind1": "\\",
        "ind2": "\\",
        "subfields": [
          {
            "a": "Z0"
          },
          {
            "b": "NYRVC"
          }
        ]
      }
    },
    {
      "948": {
        "ind1": "\\",
        "ind2": "\\",
        "subfields": [
          {
            "h": "NO HOLDINGS IN NYRVC - 128 OTHER HOLDINGS"
          }
        ]
      }
    },
    {
      "999": {
        "ind1": "\\",
        "ind2": "\\",
        "subfields": [
          {
            "a": "00000000015152"
          }
        ]
      }
    }
  ]
}